@article{BagnoliModeling2020,
	author={Bagnoli, Franco and Lorini, Daniele and Li√≥, Pietro}, 
	title={Modeling Social Groups, Policies and Cognitive Behavior in COVID-19 Epidemic Phases. Basic Scenarios},
	journal={Substantia},  
	volume={vol. 4}, 
	number={no. 1},
	year={2020}, 
	month={Jun.}, 
	pages={\space 914},
	url={https://doi.org/10.13128/Substantia-914}
}
